% Encoding: UTF-8

@book{speect, title={Speect}, url={http://speect.sourceforge.net/index.html}, journal={Speect}, publisher={Human Language Technologies Group, Meraka Institute, CSIR, South Africa}, year={2013}}


@article{voder,
author = {Klatt, H. and Dennis},
year = {1987},
month = {10},
pages = {737-93},
title = {Review of text-to-speech conversion for English},
volume = {82},
journal = {The Journal of the Acoustical Society of America},
doi = {10.1121/1.395275}
}

@article{nuance,
author = {Coorman, G. and Deprez, F. and de Bock, M. and Fackrell, J. and Leys, S. and Rutten, P. and de Moortel, J. and Schenk, A. and van Coile, B.},
title = {Speech synthesis using concatenation of speech waveforms},
publisher = {Google Patents},
year = {2007},
month = {05},
journal={US7219060B2}
}

@article{biadsy2019parrotron,
  title={Parrotron: An End-to-End Speech-to-Speech Conversion Model and its Applications to Hearing-Impaired Speech and Speech Separation},
  author={Biadsy, Fadi and Weiss, Ron J and Moreno, Pedro J and Kanvesky, Dimitri and Jia, Ye},
  journal={arXiv preprint arXiv:1904.04169},
  year={2019}
}


@inproceedings{Arik2017DeepVR,
  title={Deep Voice: Real-time Neural Text-to-Speech},
  author={Sercan {\"O}mer Arik and Mike Chrzanowski and Adam Coates and Greg Diamos and Andrew Gibiansky and Yongguo Kang and Xian Li and John Miller and Jonathan Raiman and Shubho Sengupta and Mohammad Shoeybi},
  booktitle={ICML},
  year={2017}
}

@inproceedings{45774,
title	= {WaveNet: A Generative Model for Raw Audio},
author	= {Aäron van den Oord and Sander Dieleman and Heiga Zen and Karen Simonyan and Oriol Vinyals and Alexander Graves and Nal Kalchbrenner and Andrew Senior and Koray Kavukcuoglu},
year	= {2016},
URL	= {https://arxiv.org/abs/1609.03499},
booktitle	= {Arxiv}
}


@inproceedings{Wang2017TacotronTE,
  title={Tacotron: Towards End-to-End Speech Synthesis},
  author={Yuxuan Wang and R. J. Skerry-Ryan and Daisy Stanton and Yonghui Wu and Ron J. Weiss and Navdeep Jaitly and Zongheng Yang and Ying Xiao and Zhifeng Chen and Samy Bengio and Quoc V. Le and Yannis Agiomyrgiannakis and Robert Clark and Rif A. Saurous},
  booktitle={INTERSPEECH},
  year={2017}
}

@article{Shen2018NaturalTS,
  title={Natural TTS Synthesis by Conditioning Wavenet on MEL Spectrogram Predictions},
  author={Jonathan Shen and Ruoming Pang and Ron J. Weiss and Mike Schuster and Navdeep Jaitly and Zongheng Yang and Zhifeng Chen and Yu Zhang and Yuxuan Wang and RJ-Skerrv Ryan and Rif A. Saurous and Yannis Agiomyrgiannakis and Yonghui Wu},
  journal={2018 IEEE International Conference on Acoustics, Speech and Signal Processing (ICASSP)},
  year={2018},
  pages={4779-4783}
}

@article{skerry2018towards,
  title={Towards end-to-end prosody transfer for expressive speech synthesis with tacotron},
  author={Skerry-Ryan, RJ and Battenberg, Eric and Xiao, Ying and Wang, Yuxuan and Stanton, Daisy and Shor, Joel and Weiss, Ron J and Clark, Rob and Saurous, Rif A},
  journal={arXiv preprint arXiv:1803.09047},
  year={2018}
}

@article{nakajima1994automatic,
  title={Automatic synthesis unit generation for English speech synthesis based on multi-layered context oriented clustering},
  author={Nakajima, Shin'ya},
  journal={Speech Communication},
  volume={14},
  number={4},
  pages={313--324},
  year={1994},
  publisher={Elsevier}
}

@inproceedings{
chen2018sample,
title={Sample Efficient Adaptive Text-to-Speech},
author={Yutian Chen and Yannis Assael and Brendan Shillingford and David Budden and Scott Reed and Heiga Zen and Quan Wang and Luis C. Cobo and Andrew Trask and Ben Laurie and Caglar Gulcehre and Aäron van den Oord and Oriol Vinyals and Nando de Freitas},
booktitle={International Conference on Learning Representations},
year={2019},
url={https://openreview.net/forum?id=rkzjUoAcFX},
}

@article{sotelo2017char2wav,
  title={Char2wav: End-to-end speech synthesis},
  author={Sotelo, Jose and Mehri, Soroush and Kumar, Kundan and Santos, Joao Felipe and Kastner, Kyle and Courville, Aaron and Bengio, Yoshua},
  year={2017}
}


@article{skerry2018towards,
  title={Towards end-to-end prosody transfer for expressive speech synthesis with tacotron},
  author={Skerry-Ryan, RJ and Battenberg, Eric and Xiao, Ying and Wang, Yuxuan and Stanton, Daisy and Shor, Joel and Weiss, Ron J and Clark, Rob and Saurous, Rif A},
  journal={arXiv preprint arXiv:1803.09047},
  year={2018}
}
